@article{ frey07affinitypropagation,
    author = "Brendan J. Frey and Delbert Dueck",
    title = "Clustering by Passing Messages Between Data Points",
    journal = "Science",
    volume = "315",
    pages = "972--976",
    year = "2007",
    url = "www.psi.toronto.edu/affinitypropagation" }

@article{hap,
  author    = {Inmar E. Givoni and
               Clement Chung and
               Brendan J. Frey},
  title     = {Hierarchical Affinity Propagation},
  journal   = {CoRR},
  volume    = {abs/1202.3722},
  year      = {2012},
  ee        = {http://arxiv.org/abs/1202.3722},
  bibsource = {DBLP, http://dblp.uni-trier.de}
}
